% Encoding: UTF-8

@Article{Oord2014,
  author  = {Bob Oord},
  title   = {De marketingafdeling van 2020},
  journal = {Frankwatching},
  year    = {2014},
  url     = {https://www.frankwatching.com/archive/2014/06/23/de-marketingafdeling-van-2020/},
}

@Article{fizzle.co2015,
  author = {fizzle.},
  title  = {Zero Budget Marketing: Growth Hacking, Guerrilla Marketing, and More Buzzy Marketing Tactics},
  year   = {2015},
}

@MastersThesis{Pieters2018,
  author = {Jari Pieters},
  title  = {Een analyse naar hoe bedrijven gebruik maken van Instagram},
  school = {Hogeschool Gent},
  year   = {2018},
}

@Article{Birdhouse2019,
  author = {The Birdhouse},
  title  = {Growth hacking is een mindset en als je die hebt, kan je alles aan.},
  year   = {2019},
  url    = {https://www.gobirdhouse.com/post/growthmarketingcanvas},
}

@Article{InternetMarketingUniversiteit2016,
  author = {InternetMarketingUniversiteit},
  title  = {Psychologische Prijzen},
  year   = {2016},
  url    = {https://imu.nl/internet-marketing-kennisbank/begrippen/psychologische-prijzen/},
}

@Article{Forsey2019,
  author  = {Caroline Forsey},
  title   = {What Is Marketing?},
  journal = {HubSpot},
  year    = {2019},
  url     = {https://www.marketingscriptie.nl/msarketingmix-4ps/},
}

@Article{marketingscriptie.nl2018,
  author  = {marketingscriptie.nl},
  title   = {Marketingmix maken met de 4 P’s},
  journal = {marketingscriptie.nl},
  year    = {2018},
  url     = {https://www.marketingscriptie.nl/marketingmix-4ps/},
}

@Thesis{Lee2016,
	author      = {Jin Lee},
	title       = {Growth Hacking for Startups},
	type        = {resreport},
	institution = {Oulu University of Applied Sciences},
	year        = {2016},
	url         = {https://www.theseus.fi/bitstream/handle/10024/112872/Jin_Lee.pdf?sequence=1},
}

@Thesis{Bergendal2017,
	author      = {Taghrid Sara Bergendal},
	title       = {P.S. I love you… and other growth hacking strategies used by disruptive tech start-ups},
	type        = {resreport},
	institution = {Uppsala University},
	year        = {2017},
	url         = {http://www.diva-portal.org/smash/get/diva2:1117848/FULLTEXT01.pdf},
}

@Thesis{Vunk2017,
	author      = {Raili Vunk},
	title       = {Growth hacking in Estonian start-ups},
	type        = {mathesis},
	institution = {Estonian Business School},
	year        = {2017},
	url         = {https://mi.ee/sites/default/files/blogid/raili_vunk.pdf},
}
@Article{Wikipedia2018,
  author = {Wikipedia},
  title  = {SMART-principe},
  year   = {2018},
  url    = {https://nl.wikipedia.org/wiki/SMART-principe},
}

@Article{Rosado2018,
	author = {Jonathan Rosado},
	title  = {Mais qu'est-ce qu'un Tech-Marketer ?},
	year   = {2018},
	url    = {https://jonathanrosado.fr/blog/qu-est-ce-qu-un-tech-marketer},
}

@Article{Erxleben2017,
	author = {Christian Erxleben},
	title  = {PS: I Love You – Hotmail’s Growth Hack},
	year   = {2017},
	url    = {https://www.basicthinking.com/growth-hack-hotmail/},
}

@Article{Desmond2017,
author = {Nate Desmond},
title  = {HOW SPOTIFY USED FACEBOOK TO REACH 9 MILLION USERS [GROWTH HACK]},
year   = {2017},
url    = {https://buckfiftymba.com/symbiosis-growth-hack/},
}

@Comment{jabref-meta: databaseType:bibtex;}
