% Encoding: UTF-8

@Thesis{Bergendal2017,
  author      = {Taghrid Sara Bergendal},
  title       = {P.S. I love youâ€¦ and other growth hacking strategies used by disruptive tech start-ups},
  type        = {resreport},
  institution = {Uppsala University},
  year        = {2017},
  url         = {http://www.diva-portal.org/smash/get/diva2:1117848/FULLTEXT01.pdf},
}

@Thesis{Lee2016,
  author      = {Jin Lee},
  title       = {Growth Hacking for Startups},
  type        = {resreport},
  institution = {Oulu University of Applied Sciences},
  year        = {2016},
  url         = {https://www.theseus.fi/bitstream/handle/10024/112872/Jin_Lee.pdf?sequence=1},
}

@Thesis{Vunk2017,
  author      = {Raili Vunk},
  title       = {Growth hacking in Estonian start-ups},
  type        = {mathesis},
  institution = {Estonian Business School},
  year        = {2017},
  url         = {https://mi.ee/sites/default/files/blogid/raili_vunk.pdf},
}

@Comment{jabref-meta: databaseType:biblatex;}
