% Encoding: windows-1252

@ARTICLE{Doll1954,
  author = {Doll, Richard and Hill, A Bradford},
  title = {The mortality of doctors in relation to their smoking habits: a preliminary
	report},
  journal = {British Medical Journal},
  year = {1954},
  volume = {328},
  pages = {1529-1533},
  number = {7455},
  owner = {jbuy519},
  timestamp = {2014.03.28}
}

@Thesis{Lee2016,
  author      = {Jin Lee},
  title       = {Growth Hacking for Startups},
  type        = {resreport},
  institution = {Oulu University of Applied Sciences},
  year        = {2016},
  url         = {https://www.theseus.fi/bitstream/handle/10024/112872/Jin_Lee.pdf?sequence=1},
}

@Thesis{Bergendal2017,
  author      = {Taghrid Sara Bergendal},
  title       = {P.S. I love you… and other growth hacking strategies used by disruptive tech start-ups},
  type        = {resreport},
  institution = {Uppsala University},
  year        = {2017},
  url         = {http://www.diva-portal.org/smash/get/diva2:1117848/FULLTEXT01.pdf},
}

@Comment{jabref-meta: databaseType:biblatex;}
